<record xmlns:xsi="http://www.w3.org/2001/XMLSchema-instance" xmlns="http://www.loc.gov/MARC21/slim" xsi:schemaLocation="http://www.loc.gov/MARC21/slim http://www.loc.gov/standards/marcxml/schema/MARC21slim.xsd">

  <leader>00784nam a2200181   4500</leader>
  <datafield ind2=" " tag="999" ind1=" ">
    <subfield code="c">3371</subfield>
    <subfield code="d">3371</subfield>
  </datafield>
  <controlfield tag="008">170127b2014    cr ||||| |||| 00| | spa d</controlfield>
  <datafield tag="090" ind1=" " ind2=" ">
    <subfield code="a">06.02.01</subfield>
    <subfield code="b"> 1977 </subfield>
  </datafield>
  <datafield ind2=" " ind1="1" tag="100">
    <subfield code="9">781</subfield>
    <subfield code="a">Ospina Garcés, Helena</subfield>
  </datafield>
  <datafield ind2="0" ind1="1" tag="245">
    <subfield code="a">Talleres de capacitación para profesores de español de secundaria III ciclo: estudio, análisis y crítica de obras de escritoras y escritores latinoamericanos /</subfield>
    <subfield code="c"> Helena Ospina Garcés, Lastenia María Bonilla Sandoval</subfield>
  </datafield>
  <datafield ind2=" " ind1=" " tag="260">
    <subfield code="a">San José, Costa Rica :</subfield>
    <subfield code="b"> INIE, </subfield>
    <subfield code="c">2014</subfield>
  </datafield>
  <datafield ind2=" " ind1=" " tag="300">
    <subfield code="a">20 páginas, 28 páginas sin numerar</subfield>
  </datafield>
  <datafield tag="500" ind1=" " ind2=" ">
    <subfield code="a">Informe resultados Proyecto de Acción Social ED-2145</subfield>
  </datafield>
  <datafield tag="650" ind1="1" ind2="4">
    <subfield code="9">729</subfield>
    <subfield code="a">CAPACITACIÓN</subfield>
  </datafield>
  <datafield tag="650" ind1="1" ind2="4">
    <subfield code="9">782</subfield>
    <subfield code="a">ENSEÑANZA DEL ESPAÑOL</subfield>
  </datafield>
  <datafield tag="650" ind1="1" ind2="4">
    <subfield code="9">783</subfield>
    <subfield code="a">TALLERES</subfield>
  </datafield>
  <datafield ind2=" " ind1="1" tag="700">
    <subfield code="9">1809</subfield>
    <subfield code="a">Bonilla Sandoval, Lastenia Ma.</subfield>
  </datafield>
  <datafield ind2=" " ind1=" " tag="942">
    <subfield code="2">z</subfield>
    <subfield code="c">04</subfield>
  </datafield>
</record>